1981 3439
140 97 174 127 ⁸
621 125 623 128 ’
671 128 707 180 c
784 134 812 184 ι’»
830 130 923 180 vr
1096 137 1097 141 ¹

127 216 195 252 vitri
207 212 361 248 defit-inae
370 235 380 250 ,
390 211 460 257 quia
469 211 636 245 Dominus
644 221 780 245 omnem
798 220 980 258 praetextum
994 214 1178 259 ignorantiae
1189 215 1274 250 tollit
1287 229 1293 249 :
1311 220 1411 267 magis
1427 222 1514 254 enim
1525 233 1583 256 eos
1593 225 1666 258 vul-

128 271 216 299 nerat
226 259 438 296 conscientia,
449 255 617 305 postquam
634 261 675 291 ita
686 257 809 293 fuerunt
823 260 991 294 admoniti.
1008 263 1075 294 Iam
1088 272 1234 296 tenemus
1248 266 1326 309 quid
1339 266 1401 301 hoc
1413 267 1470 302 fibi
1484 270 1574 308 velit,
1587 271 1665 304 Deo

125 313 214 346 litem
225 307 285 342 ess'e
295 319 367 342 cum
378 305 607 342 habitatoribus
614 317 712 339 terrae.
723 307 784 340 Sed
793 306 859 354 quo
871 311 975 354 magis
985 308 1144 353 perspicua
1159 309 1194 342 lit
1206 310 1301 343 nobis
1312 325 1400 348 mens
1413 316 1590 362 Prophetae,
1601 332 1662 353 no-

123 358 253 394 tandum
265 354 328 393 est,
341 352 444 401 ‘ipsum
455 355 576 387 &alios
586 354 713 398 probos
729 355 882 389 doetores
899 353 1034 389 defessos
1050 354 1136 392 finss'e
1154 357 1340 397 clamando,
1359 366 1390 394 ὅ(
1404 366 1521 398 interea
1537 367 1662 401 nullum

124 402 409 451 fuiffeprofe&um.
425 400 564 437 Videbat
574 412 656 447 ergo
668 401 770 436 secure
779 407 945 436 contemni
956 403 1020 438 suas
1039 404 1299 444 adurit-initimum,
1316 407 1391 441 ideo
1402 409 1465 443 hoc
1483 423 1662 449 extremum

124 453 185 488 ess'e
195 475 204 490 ‚
227 447 374 486 reuocare
394 447 477 496 ipsos
495 448 647 482 homines
661 452 697 483 ad
709 451 773 483 Dei
784 450 934 484 tribunal.
961 452 1253 498 Qemadmoclum
1265 477 1274 493 ,
1295 454 1348 488 vbi
1360 455 1439 490 nihil
1459 460 1660 504 proficimus,

125 503 271 548 cogimur
279 503 374 532 etiam
386 495 468 531 hanc
479 497 619 543 regul-'im
632 495 736 544 sequi:
751 499 842 532 Deus
850 510 924 545 ergo
938 500 1054 533 iudicet
1065 512 1144 538 vos,
1162 504 1235 547 quia
1246 503 1353 537 nullus·
1366 507 1482 550 patitur
1496 505 1523 539 se
1542 510 1659 544 iudica-

123 554 224 589 ricius
233 545 336 580 verbo
348 559 356 579 z
367 544 508 579 ludibrio
520 544 651 578 nabetur
659 546 812 592 quicquid
823 546 917 580 vobis
927 553 1142 594 proponimus
1160 552 1226 582 cius
1238 554 1372 585 nomine
1381 565 1391 584 :
1411 553 1466 586 ille
1482 555 1611 589 tandem
1625 561 1660 592 0·-

124 596 244 631 stendet
253 593 355 628 secum
369 592 465 626 vobis
474 591 562 626 fuiffe
571 597 756 637 negotium,
767 593 1044 640 quemadmodum
1058 595 1173 630 dicitur
1183 600 1266 642 apud
1277 599 1480 638 Zachariam,
1491 602 1658 638 Videbunt
1676 613 1818 640 lani-2⁴0⁷

123 648 155 680 in
165 655 262 691 quein
277 650 478 688 pupugerunt
488 651 496 671 τ
507 644 537 674 &
550 639 658 674 lessi-„is
667 643 784 676 codem
795 639 881 675 sensu
893 642 967 682 dicit
984 642 1162 681 contristari
1178 647 1328 691 Spiritum
1341 649 1502 686 Domini,
1514 647 1600 684 ficuti
1613 654 1653 686 di-
1675 650 1814 686 Ies³¹17·1⁷-·

123 702 208 727 xerat
219 694 320 735 capite
330 687 476 736 septimo,
485 687 566 735 Non
578 685 646 721 satis
655 689 699 720 est
708 687 797 735 quod
807 688 906 723 fuistis
917 691 1043 724 molesti
1056 689 1247 727 horninibus
1258 715 1268 732 ‚
1283 693 1338 728 nisi
1350 697 1449 729 etiam
1461 695 1564 731 effetis
1584 701 1661 733 Deo

123 747 213 776 meo?
249 738 432 783 Coniungit
441 738 528 769 enim
544 733 573 768 sc
581 735 741 782 Propheta
751 749 824 770 cuin
836 738 914 770 Deo
926 739 993 784 ipso
1003 744 1103 785 :quia
1120 743 1235 788 impius
1250 742 1303 776 ille
1322 743 1390 777 Rex
1403 743 1510 777 Achaz
1521 768 1530 783 ‚
1548 748 1660 782 Deum

122 786 276 824 tentando
286 784 376 818 siniul
387 788 483 817 etiam
497 781 626 817 ludebat
636 796 708 818 cuni
719 786 784 818 eius
792 785 973 830 Prophetis.
985 786 1096 820 Subest
1107 790 1206 834 igitur
1215 789 1305 823 tacita
1315 791 1476 825 antithesis
1488 794 1570 828 inter
1579 794 1660 830 hanc

121 837 213 877 suem
224 847 319 881 quain
331 834 421 867 Deus
432 830 574 865 Israelitis
583 831 749 865 denuntiat
758 854 765 866 ,
776 836 808 866 &
819 833 1009 878 quotidiana
1026 837 1122 881 iurgia
1133 836 1249 882 quibus
1261 837 1329 872 vsus
1341 838 1440 873 fuerat
1451 852 1506 886 per
1516 837 1660 887 Prophe·
1676 853 1799 888 Geii.6.3k

122 895 167 918 tas
176 883 258 918 suos.
267 883 337 916 Hac
347 884 468 914 ratione
480 881 577 912 eriam
589 878 712 913 dicebat
723 881 892 913 Dominus
901 902 910 918 ‚
931 880 1010 916 Non
1027 880 1180 918 rixabitur
1190 886 1328 931 amplius
1338 889 1471 932 Spiritus
1481 901 1572 924 meus
1583 902 1659 925 cum

120 931 342 978 hoinine‚quia
352 940 426 962 caro
436 925 584 961 est.Deus
594 929 682 960 enim
696 928 757 961 illic
767 930 843 961 dicit
855 926 883 961 se
895 927 1003 962 frustra
1012 929 1188 976 expestafl‘e
1198 931 1274 966 duni
1286 932 1436 968 homines
1449 938 1480 969 in
1494 941 1576 972 viam
1589 939 1661 973 red—

120 983 200 1014 jren't
210 1001 219 1016 ,
229 982 301 1024 quia
311 975 463 1024 praefraffi
475 985 562 1008 erant
571 973 634 1009 line
644 975 704 1008 vlla
715 974 766 1022 spe
779 974 1015 1022 resipiscentiaez'
1033 978 1108 1012 ideo
1128 981 1291 1013 denuntiat
1310 980 1339 1015 se
1360 994 1436 1016 mox
1456 983 1657 1031 sumpturum

143 1028 290 1062 oenas.Sic
299 1036 394 1059 etiam
406 1023 565 1060 hocloco,
576 1022 723 1057 Iudicium
733 1023 770 1063 es}
780 1027 908 1058 Domino
917 1031 925 1057 τ’
935 1023 998 1059 hoc
1009 1025 1064 1064 est,
1080 1026 1141 1072 ipse
1149 1039 1183 1061 re
1195 1027 1259 1072 ipsa
1271 1030 1331 1062 'iani
1346 1043 1360 1063 a
1365 1040 1417 1077 get
1427 1028 1513 1064 suain
1525 1033 1659 1068 causam}

145 1077 271 1110 affl-nus
280 1075 332 1108 diu
343 1070 510 1105 vobiscum
523 1071 679 1117 iurgando
690 1075 826 1105 exercuit
837 1071 1012 1118 Prophetas
1023 1073 1105 1109 suos,
1115 1074 1185 1109 imo
1196 1074 1341 1122 fatigauit
1352 1090 1409 1111 eos
1421 1079 1523 1112 multo
1536 1083 1566 1113 δε
1579 1093 1660 1115 con·->

119 1127 209 1158 tiuuo
219 1121 330 1156 labore
341 1133 348 1153 :
361 1132 421 1154 vos
431 1120 700 1165 manetissemper
712 1118 806 1152 vobis
817 1120 943 1155 similes:
957 1119 1020 1167 ipse
1030 1124 1132 1168 igitur
1142 1124 1274 1170 incipiet
1285 1137 1367 1158 nunc
1376 1125 1497 1160 causam
1509 1127 1591 1160 suam
1603 1126 1658 1162 ef·

119 1170 255 1205 fitaciter
267 1161 375 1216 agere}
385 1180 453 1201 non
464 1167 613 1214 loquetur
621 1168 760 1214 amplius
772 1179 829 1201 ore
840 1166 1005 1202 vobiscum
1016 1192 1026 1208 ‚
1046 1170 1097 1204 sed
1116 1182 1212 1204 manu
1232 1170 1280 1204 sua
1299 1171 1447 1207 ostendet
1464 1174 1492 1207 sc
1503 1175 1656 1211 iudicem.

119 1223 312 1264 Quanquam
324 1215 485 1261 Propheta
496 1214 638 1249 consulto
650 1219 744 1261 ponit
755 1227 878 1249 nomen
895 1217 975 1249 Lttio·
986 1239 996 1254 ‚
1017 1223 1052 1250 vt
1061 1219 1243 1264 intelligant
1259 1219 1399 1255 israelitae
1410 1234 1475 1255 non
1487 1222 1550 1256 sine
1560 1224 1659 1260 causti,

97 1280 100 1284 ·
117 1265 353 1302 necimmerito
366 1265 476 1298 Deum
489 1261 592 1298 seuere
601 1274 714 1297 contra
725 1263 810 1310 ipsos
821 1264 987 1309 agere-acsi
1001 1266 1136 1304 diceret,
1148 1267 1237 1300 Deus
1257 1267 1296 1302 fic
1306 1280 1367 1302 vos
1383 1273 1512 1315 puniet,
1522 1282 1556 1304 vt
1566 1270 1657 1307 simul

118 1314 262 1349 ostendat
273 1313 302 1347 se
320 1314 382 1346 hoc
394 1309 495 1345 facere
505 1323 627 1358 optima
636 1313 760 1345 ratione
771 1311 915 1345 :eluditis
925 1324 1041 1347 oxnnes
1052 1316 1173 1352 minas,
1189 1318 1222 1349 δε
1234 1321 1349 1361 putatis
1368 1316 1476 1352 vestris
1494 1321 1656 1366 tergiuer-

117 1361 294 1398 sationibus
303 1373 362 1394 vos
372 1359 440 1394 fore
450 1359 570 1393 saluos:
590 1358 655 1392 haec
676 1371 742 1392 non
754 1356 824 1392 sunt
842 1358 956 1405 effugia
980 1361 1098 1407 quibus
1116 1363 1236 1408 aliquid
1249 1362 1437 1410 sperandum
1445 1365 1486 1399 xsit
1498 1378 1556 1398 vos
1565 1366 1654 1413 posse

117 1409 267 1457 consequi
280 1424 286 1442 :
307 1421 379 1442 nam
397 1410 488 1442 Deus
508 1407 637 1441 tandem
651 1417 775 1452 reteget
785 1406 886 1441 vestra
906 1407 1030 1442 scelera.
1068 1410 1219 1456 Denique
1238 1411 1398 1458 Propheta
1416 1415 1587 1460 coniungit
1602 1413 1657 1449 hic

117 1470 246 1506 poenam
258 1470 329 1492 cum
340 1454 456 1490 iustitia
467 1457 551 1488 Dei:
569 1455 621 1488 vel
632 1466 697 1488 vno
710 1454 814 1488 verbo
833 1453 975 1501 defignat
994 1455 1108 1490 realem
1131 1464 1186 1497 (vt
1197 1464 1239 1492 ita
1256 1460 1386 1507 loquar)
1398 1462 1445 1494 vel
1458 1458 1661 1498 effecftualem

115 1503 430 1542 contentionein‚vbi
442 1504 608 1542 Dominus
618 1514 686 1536 non
696 1501 823 1536 tantuin
833 1501 980 1537 sermone
988 1508 1134 1551 coarguit
1145 1506 1362 1546 homines,sed
1373 1511 1548 1544 vindieiam
1561 1512 1659 1550 etiam

114 1565 240 1590 exercet
248 1563 357 1587 contra
367 1551 506 1598 ipsorum
519 1551 641 1585 scelera.
666 1552 818 1597 Sequitur
826 1577 835 1590 ,
860 1552 951 1602 Qa
966 1552 1048 1586 nulla
1066 1556 1178 1587 veritas
1187 1576 1198 1592 ‚
1218 1555 1303 1590 nulla
1320 1556 1533 1592 beneficentia
1543 1579 1552 1596 ,
1572 1559 1659 1593 nulla

114 1605 264 1649 cognitio
273 1603 356 1636 Dei.
366 1601 502 1634 Dixerat
510 1599 600 1633 litem
611 1597 670 1632 effe
679 1611 749 1632 cum
761 1597 996 1635 habitatoribus
1005 1611 1109 1635 terrae:
1129 1614 1183 1648 per
1201 1601 1401 1637 Habitatores
1409 1615 1491 1637 terrae
1503 1605 1657 1653 intelligit

115 1649 296 1685 vniuersum
313 1660 429 1695 corpus
452 1647 579 1694 populi:
596 1646 654 1681 acsi
671 1646 792 1680 diceret
805 1670 816 1683 ‚
830 1647 912 1680 Non
922 1648 1198 1694 paucoshomines
1210 1662 1380 1698 corruptos
1391 1652 1530 1689 effe‚sed
1543 1653 1657 1698 paffim

116 1698 241 1746 grassari
251 1708 348 1732 omne
357 1707 458 1743 genus
466 1694 632 1729 scelerum.
639 1695 680 1729 Et
690 1693 748 1728 hac
756 1697 882 1730 ratione
891 1700 988 1731 etiarn
998 1694 1164 1744 subiungit
1176 1720 1186 1736 ‚
1197 1698 1238 1732 N
1239 1711 1274 1732 on
1285 1698 1336 1742 effe
1344 1704 1375 1734 in
1382 1710 1468 1734 terra
1480 1715 1487 1734 :
1497 1700 1556 1734 acsi
1566 1701 1657 1736 dice-

116 1757 176 1782 ret,
186 1748 254 1780 Iam
266 1757 334 1780 non
345 1744 465 1779 abdunt
473 1742 572 1790 se‚qui
583 1754 710 1790 peccare
721 1744 846 1781 volunt,
859 1747 891 1777 in
904 1744 1022 1791 aliquas
1031 1744 1185 1780 latebras:
1198 1759 1265 1780 non
1273 1760 1417 1795 quaerunt
1427 1746 1557 1783 recessus
1567 1748 1657 1796 quasi

114 1807 171 1828 eos
181 1793 327 1841 puderet,
337 1791 388 1826 sed
399 1803 523 1826 tantum
534 1793 668 1825 licentiae
678 1791 798 1838 vbique
811 1803 933 1838 regnat,
944 1804 977 1827 vt
986 1804 1068 1828 terra
1078 1794 1214 1840 impleta
1232 1794 1267 1830 fit
1276 1807 1463 1844 contemptu
1474 1799 1578 1831 Dei&
1588 1796 1653 1833 sce-

114 1842 244 1877 leribus.
254 1842 324 1875 Fuit
335 1839 398 1874 haec
408 1841 595 1887 obiurgatio
613 1839 691 1874 dura
700 1839 888 1874 hominibus
905 1839 1062 1888 superbis.
1079 1845 1200 1877 Scimus
1211 1848 1297 1878 enim
1310 1855 1508 1892 quantopere
1519 1844 1574 1879 fibi
1584 1846 1654 1891 pla-

116 1893 239 1924 cuerint
251 1889 395 1923 Israelitae
406 1911 415 1926 ,
432 1887 483 1922 sed
492 1891 637 1933 oportuit
647 1899 756 1922 tamen
778 1887 969 1934 Prophetam
982 1901 1053 1923 cuin
1068 1889 1240 1936 praefraffis
1251 1892 1311 1926 illis
1329 1893 1484 1939 capitibus
1496 1891 1536 1927 fic
1545 1893 1657 1940 aspere

115 1937 206 1984 loqui
219 1939 308 1984 §quia
318 1936 400 1983 apud
413 1935 594 1970 inat-,suetos
605 1939 636 1970 &
648 1936 770 1970 dociles
782 1934 934 1970 sufficeret
947 1937 1068 1984 placida
1079 1942 1109 1972 δι
1121 1941 1200 1973 lenis
1211 1940 1464 1976 admonitiotvbi
1476 1953 1581 1976 autern
1593 1941 1654 1976 ob-

113 1986 219 2019 duruit
229 1986 365 2019 mundus
373 1995 481 2018 contra
495 1985 602 2018 Deum
612 2007 622 2021 ‚
633 1983 753 2017 neccffe
769 1984 814 2017 est
824 1985 860 2018 ad
873 1983 958 2018 hunc
971 1988 1115 2033 rigorem
1131 1987 1324 2022 descendere
1335 2011 1345 2026 ,
1363 2001 1459 2035 quem
1470 1993 1502 2024 in
1512 1990 1562 2025 his
1573 1993 1652 2024 Pro-

113 2036 215 2079 phetae
224 2033 330 2067 verbis
340 2032 568 2079 conspicimus.
579 2033 721 2065 Videant
730 2033 828 2078 igitur
838 2034 955 2079 quibus
968 2035 1112 2067 mandata
1123 2035 1167 2068 est
1178 2035 1312 2070 docendi
1324 2049 1407 2076 cura,
1418 2049 1457 2071 ne
1467 2038 1581 2072 leniter
1591 2035 1657 2071 ho.-

114 2080 348 2115 niinestantiiin
359 2080 570 2117 admoneant,
583 2078 604 2112 si
619 2079 828 2114 obduruetint
838 2081 876 2115 ad
887 2077 936 2115 sua
948 2084 1042 2115 vitia:
1061 2081 1112 2116 sed
1134 2082 1214 2117 hanc
1230 2084 1395 2131 Prophetae
1411 2085 1652 2121 vehementiam

88 2138 92 2143 '
113 2132 289 2177 sequantur.
301 2130 448 2162 Diximus
458 2138 564 2161 autem
575 2127 668 2161 initio
680 2152 691 2164 ‚
704 2128 874 2175 Prophetae
886 2127 973 2163 fuisl'e
985 2128 1094 2163 iustam
1107 2133 1266 2165 rationem
1286 2144 1339 2165 cur
1357 2144 1524 2179 tantopere
1537 2145 1649 2167 excan-

101 2179 260 2213 deiceret.
271 2178 474 2222 nequeenim
485 2175 675 2222 praepostere
685 2174 788 2209 statim
809 2175 958 2223 abreptus
969 2177 1028 2212 fuit
1040 2178 1098 2212 isto
1109 2179 1221 2213 ardore
1235 2179 1313 2216 zeli,
1322 2180 1511 2215 sedvidebat
1523 2180 1578 2215 fibi
1589 2194 1650 2215 ne-

112 2227 239 2273 gotium
250 2224 308 2259 effe
319 2237 390 2259 curn
402 2223 589 2258 hominibus
602 2236 665 2258 tarn
676 2222 855 2262 obstinatis,
866 2237 899 2259 vt
913 2227 976 2259 alio
990 2227 1090 2260 tnodo
1104 2226 1284 2262 tra<fhibiles
1296 2242 1362 2263 non
1373 2228 1480 2263 effent.
1499 2231 1564 2262 lain
1577 2241 1646 2261 non

113 2285 208 2307 vnam
220 2274 361 2307 duntaxat
371 2273 443 2306 mali
455 2271 586 2318 speciem
600 2270 801 2318 reprehendit
812 2271 970 2318 Propheta
981 2295 991 2310 ‚
1003 2275 1052 2306 sed
1063 2277 1242 2309 accumulat
1260 2288 1362 2310 omne
1370 2288 1471 2321 gemis
1483 2276 1649 2309 scelerunu·

112 2320 168 2355 acsi
182 2321 312 2358 diceret,
322 2323 414 2354 omni
424 2332 458 2353 ex
467 2332 552 2365 parte
572 2319 724 2352 lsi-aelitas
735 2331 903 2366 corruptos
916 2320 977 2354 effe
987 2326 1017 2356 &
1029 2321 1202 2366 peruersos.
1221 2323 1333 2356 Primo
1353 2324 1429 2357 dicit
1448 2325 1566 2358 nullam
1585 2324 1646 2357 ell‘e

112 2369 222 2407 fidem,
234 2373 264 2403 ὃ(
276 2369 391 2401 nullam
403 2366 664 2401 beneficentiam.
680 2367 826 2414 loquitur
837 2369 888 2401 hic
898 2369 937 2401 de
947 2380 1137 2414 contemptu
1158 2369 1298 2404 secunda:
1315 2370 1429 2405 tabulae
1441 2373 1538 2418 Legis
1549 2395 1558 2409 ‚
1573 2373 1647 2418 quia

109 2417 183 2452 hinc
193 2413 306 2450 melius
317 2416 463 2462 proditur
472 2415 644 2448 hominum
656 2415 802 2461 impietas
812 2437 819 2450 ,
838 2428 936 2462 quum
951 2416 1068 2450 scilicet
1084 2428 1215 2451 examen
1229 2417 1360 2451 sumitur
1372 2419 1411 2453 de
1423 2418 1559 2465 ipsorum
1572 2424 1646 2453 vita:

110 2469 183 2510 quia
194 2465 367 2510 hypocritae
380 2462 550 2510 magnifice
559 2462 739 2496 obtendunt
748 2476 872 2497 nomen
885 2465 992 2499 Deh&
1003 2465 1103 2510 plenis
1117 2464 1225 2499 buccis
1236 2464 1335 2499 fidem
1347 2465 1403 2499 {ibi
1415 2477 1581 2514 arrogant:
1593 2469 1646 2502 de-

110 2515 186 2547 inde
195 2524 320 2546 externa
330 2511 431 2546 cultus
444 2514 506 2546 Dei
517 2511 615 2558 specie
625 2515 656 2544 δέ
667 2510 789 2557 frigidis
799 2514 954 2546 exercitiis
964 2523 1074 2560 tegunt
1085 2512 1132 2547 sua
1148 2511 1278 2548 scelera.-
1298 2513 1368 2548 imo
1381 2515 1454 2548 'illud
1467 2516 1556 2561 quod
1568 2517 1647 2549 dicit

107 2562 370 2596 ›Ieremiasmimis
379 2562 508 2606 vulgare
516 2560 693 2605 est‚nempe
702 2559 771 2593 fieri
781 2572 817 2593 ex
829 2560 951 2607 templo
963 2561 1027 2595 Dei
1040 2573 1202 2595 cauernam
1215 2561 1388 2596 latronum·
1406 2564 1492 2609 Ergo
1502 2563 1642 2609 Prophe·
1660 2576 1773 2611 13:7⁴3„

108 2619 147 2642 τε
158 2621 190 2642 vr
200 2607 377 2655 pertrahant
387 2610 507 2652 impios
516 2607 551 2640 ad
564 2609 844 2646 1ucem,exainin:3t
855 2611 951 2642 vitam
963 2609 1100 2655 ipsorum
1112 2608 1150 2642 ad
1159 2606 1267 2643 officia
1283 2610 1441 2644 charitatis
1452 2623 1459 2644 ε
1472 2610 1553 2645 Estis
1563 2613 1644 2646 boni

110 2657 176 2692 Dei
187 2654 410 2691 cultores‚esti's
421 2652 612 2689 sanstiffimi:
623 2653 673 2689 sed
683 2658 813 2689 interim
825 2656 882 2690 vbi
894 2655 938 2690 est
949 2656 1128 2695 veritas‚vbi
1138 2669 1248 2692 mutua
1259 2660 1341 2692 inter
1351 2672 1407 2692 vos
1415 2657 1494 2692 fides
1502 2681 1511 2696 ,
1520 2659 1573 2693 vbi
1586 2660 1644 2694 be-

110 2703 299 2739 neficentia?
317 2706 346 2738 Si
359 2715 424 2736 non
439 2702 509 2736 estis
521 2703 685 2741 homines,
694 2705 866 2749 quomodo
880 2707 967 2738 eritis
981 2705 1113 2752 Angeli?
1123 2705 1205 2739 Estis
1215 2708 1350 2740 auaritiae
1361 2707 1481 2744 dediti,
1491 2705 1564 2741 estis
1574 2719 1645 2753 per..
1696 2740 1700 2741 γ

109 2751 177 2790 fidi,
187 2749 259 2785 estis
268 2750 419 2785 crudeles,
429 2750 506 2796 quid
518 2763 600 2798 ergo
610 2752 696 2784 aliud
707 2749 808 2788 restat,
819 2751 875 2785 nisi
888 2764 919 2786 vt
930 2751 1065 2800 quisque
1075 2753 1156 2787 alios
1164 2765 1280 2787 omnes
1291 2754 1422 2788 damnet
1430 2766 1538 2788 coram
1553 2757 1641 2793 Deo,

109 2803 139 2834 δι
151 2803 214 2834 vita
222 2803 317 2833 etiarn
330 2799 428 2832 vestra
437 2798 516 2833 ferat
527 2800 566 2833 de
575 2799 732 2834 omnibus
744 2800 894 2833 iudiciuin
908 2803 921 2833 ?
964 2804 1074 2843 Qum
1085 2804 1247 2835 veritatem
1256 2802 1305 2835 vel
1315 2800 1404 2848 fidem
1415 2803 1585 2836 exunc‘tam
1598 2803 1646 2836 es·-

104 2847 138 2882 se
147 2850 233 2884 dicit,
243 2846 315 2880 facit
325 2845 442 2880 similes
452 2847 599 2893 vulpibus
610 2869 618 2885 ‚
629 2846 816 2894 quitantiam
828 2847 1042 2883 staudiileiiter
1060 2860 1169 2895 agunt.
1190 2861 1287 2896 quum
1301 2852 1377 2884 dicit
1397 2850 1506 2884 nullam
1517 2850 1575 2885 effe
1594 2850 1644 2884 be-

107 2896 301 2941 neficentiam,
313 2893 427 2929 accusat
439 2897 470 2928 in
482 2893 552 2941 ipsis
562 2895 793 2929 crudelitatem:
806 2895 862 2929 acsi
874 2896 994 2930 diceret
1012 2896 1128 2931 ssmiles
1144 2897 1201 2932 esse
1219 2897 1366 2931 leonibus
1377 2901 1408 2932 &
1427 2898 1502 2931 feris
1522 2897 1641 2935 bestiis.

105 2945 241 2978 Fontem
254 2944 330 2976 vei-o
341 2945 489 2976 oninium
504 2942 654 2976 scelerum
665 2942 808 2989 dcfignat
827 2948 921 2977 tertio
942 2945 1092 2978 membro
1102 2967 1111 2982 ‚
1129 2946 1236 2978 dicens
1252 2945 1371 2979 nullam
1389 2943 1449 2979 effe
1468 2947 1533 2980 Dei
1554 2946 1643 2982 noti-

108 2994 197 3025 tiam.
207 2990 361 3024 Notitiam
371 2993 457 3024 euim
469 2994 531 3024 Dei
542 2993 653 3036 accipit
664 3003 723 3036 pro
734 3003 853 3025 timore
866 2994 920 3037 qui
933 2990 1063 3026 nascitur
1073 3005 1108 3026 ex
1121 2995 1245 3026 notitia.
1259 2991 1317 3026 acsi
1328 2993 1446 3028 diceret
1457 3016 1475 3031 ‚r
1488 2995 1642 3040 Denique

109 3040 239 3086 perinde
249 3038 416 3072 licentiose
436 3038 605 3085 grassantur
616 3037 851 3075 homines‚acss
865 3051 930 3072 non
943 3051 1092 3084 putarent
1103 3042 1212 3074 Deum
1222 3040 1282 3074 ess'e
1293 3043 1324 3074 in
1338 3042 1422 3074 <celo
1435 3053 1444 3074 τ
1463 3040 1520 3075 acsi
1541 3042 1642 3075 deleta

110 3087 183 3120 ell‘et
195 3087 435 3132 0·iinis.religio
445 3085 634 3132 exipsorum
646 3086 807 3120 cordibus
826 3088 976 3132 Qandiu
987 3091 1072 3125 enim
1091 3087 1204 3122 residet
1222 3090 1324 3135 aliqua
1336 3090 1401 3122 Dei
1416 3092 1529 3122 notitia
1541 3093 1570 3122 in
1581 3101 1642 3121 no-

109 3133 159 3167 bis
172 3160 179 3170 .
191 3132 380 3168 iiistarfraeni
391 3133 481 3167 estad
492 3147 550 3168 nos
563 3133 765 3168 cohibendos
778 3134 848 3168 :vhi
859 3147 963 3168 autern
976 3136 1139 3170 lasciuiunt
1151 3136 1315 3175 homines,
1325 3140 1357 3171 δε
1367 3137 1492 3183 quiduis
1505 3135 1557 3169 sibi
1570 3146 1643 3180 pei·-

110 3184 373 3219 mittuiit‚certum
386 3181 429 3217 est
439 3181 521 3228 ipsos
532 3179 658 3229 prorsus
669 3182 793 3220 oblitos
803 3180 861 3217 effe
873 3184 952 3222 Dei,
964 3188 994 3220 δέ
1007 3186 1069 3220 iam
1080 3184 1198 3220 nullam
1208 3186 1311 3220 valere
1320 3186 1386 3220 Dei
1395 3186 1546 3263 gothiam
1557 3182 1641 3230 apud

1417 3256 1422 3262 .
1449 3241 1480 3274 ι).
