1981 3439
352 108 418 167 39³
859 110 935 151 1N
996 105 1390 154 MICHAEAM

354 186 389 218 in
399 182 461 216 illis
472 179 710 217 cladilausJ-laee
720 187 828 214 autern
839 176 963 213 summa
974 178 1018 214 est
1028 201 1038 217 ,
1051 177 1139 226 quod
1154 188 1221 211 non
1232 177 1341 210 deceat
1353 175 1463 210 fideles
1473 174 1590 210 turbari
1602 175 1656 210 vbi
1668 175 1824 210 videbunt
1842 179 1904 212 im.

353 233 425 278 pios
435 228 562 276 superbe
573 227 717 263 insultate
727 226 1026 274 ‚quemadmodum
1037 228 1139 260 solent
1149 248 1158 263 ‚
1171 224 1226 258 vbi
1242 223 1393 258 videntur
1411 221 1467 257 sibi
1488 235 1660 271 compotes
1671 225 1730 257 effe
1742 236 1908 261 votorum.

356 275 528 320 Qoniam
540 287 621 324 ergo
632 273 749 322 absque
763 276 865 309 modo
879 273 941 308 sese
952 275 1130 321 petulanter
1142 269 1274 307 efferunt
1286 271 1440 318 reprobi,
1451 272 1613 318 Propheta
1624 271 1769 306 hortatur
1784 272 1908 312 fideles,

358 337 393 360 vr
406 324 434 358 sc
447 327 479 359 in
491 327 557 360 Dei
569 321 831 371 promistionibus
841 326 961 356 interea
971 321 1260 365 sustineant,neque
1273 330 1440 354 morentur
1451 319 1537 353 illam
1549 319 1764 353 insolentiam.
1778 322 1908 355 Deinde

359 373 505 420 adiungit
515 370 863 419 promiffionen2‚quod
873 370 989 403 scilicet
1000 381 1111 415 copias
1122 379 1238 401 ornnes
1247 365 1389 401 hostium
1404 370 1494 402 Deus
1504 368 1685 412 collegerit.
1694 369 1910 413 quemadmo-

362 422 441 456 dum
453 422 548 467 (iquis
558 420 674 454 multas
685 419 917 465 spicascolltgat
930 420 961 451 in
971 416 1197 453 fasciculorum
1206 414 1335 448 tandem
1350 419 1512 449 trituretur
1520 417 1552 448 in
1564 427 1644 448 area.
1654 416 1749 449 Nunc
1765 418 1861 449 venio
1871 416 1910 451 ad

361 468 461 503 verba
473 466 1034 515 Prophetae.Congregatifimt,inquit.
1047 474 1151 497 contra
1159 473 1188 496 te
1196 462 1402 510 multipopuh,
1414 463 1465 496 vel
1482 461 1614 496 robusti.
1634 475 1706 496 nan)
1719 475 1819 510 quum
1831 464 1908 498 dicit

362 531 434 554 nin-i
444 528 656 563 niwvtroque
667 517 769 549 modo
780 512 881 560 potest
893 510 1075 557 exponi,ve⁷l
1087 511 1173 557 quod
1186 510 1242 544 fint
1255 520 1368 556 gentes
1381 510 1489 543 valitlae
1501 522 1535 544 ac
1545 509 1741 548 robussae‚vcl
1754 509 1840 556 quod
1851 510 1908 546 sint

363 565 497 612 copiosae
508 575 655 599 numero.
667 565 703 596 ad
717 562 872 595 summam
884 563 927 594 rei
940 560 1001 593 hoc
1011 571 1118 606 parum
1129 557 1214 593 facit.
1229 559 1316 592 Nam
1328 557 1388 592 huc
1399 557 1514 604 speetu
1525 558 1694 604 Propheta.
1705 571 1839 604 quantus
1849 560 1910 594 Ec-

362 612 453 648 clelia
465 615 529 648 Dei
542 623 652 659 magna
664 608 801 643 hostium
814 608 1017 642 multitudine
1029 618 1190 654 prematur
1200 628 1210 644 ,
1237 617 1304 638 non
1324 617 1433 639 tamen
1443 606 1560 641 debere
1579 608 1652 640 ideo
1663 604 1764 652 frangi
1783 610 1908 641 animis}

363 663 440 709 quia
451 660 541 707 impij
552 660 628 692 dum
641 657 788 691 ferociter
801 655 948 689 insultant
959 677 968 693 ‚
980 667 1047 689 non
1066 654 1250 700 intelligunt
1269 652 1436 687 confilium
1450 655 1526 687 Dei.
1563 654 1820 701 Congregataefimt
1831 667 1909 702 crgo

362 721 468 743 contra
476 716 613 754 tegentes
624 706 728 739 multa.
737 706 896 750 Proponit
908 715 975 737 rem
988 708 1020 737 in
1032 701 1214 749 conspectu,
1228 712 1261 735 vt
1272 701 1436 735 medeatur
1445 706 1558 735 terrori
1570 715 1580 735 ι
1605 715 1678 747 quia
1692 715 1790 749 quum
1803 701 1909 738 sumus

364 768 449 792 extra
461 757 575 790 laetum
587 754 774 790 telorum,vt
785 750 959 798 plurimum
970 752 1108 785 nimium
1120 748 1222 784 secure
1233 751 1474 788 contemnimus
1484 753 1594 784 omnia
1605 752 1754 796 pericula:
1765 749 1820 784 vbi
1833 751 1910 786 vero

365 805 404 840 ad
415 805 531 839 serium
543 812 703 836 certarnen
716 812 848 835 ventum
858 799 901 834 est
914 823 924 838 ‚
937 799 986 833 vel
997 800 1190 844 trepidamus
1201 820 1210 836 ,
1230 796 1279 830 vel
1296 800 1392 831 etiam
1404 798 1608 832 concidimus
1625 802 1656 832 &
1675 798 1907 834 euanescimus.

364 852 431 886 haec
442 853 522 886 ratio
533 848 578 884 est
589 861 641 883 cur
652 848 812 895 Propheta
827 851 857 881 in
870 860 902 880 re
912 847 1054 894 praesenti
1066 846 1178 880 statuat
1187 845 1358 884 ludaeos,&
1370 843 1514 880 ostendat
1525 858 1586 880 iam
1598 845 1698 880 adesse
1711 858 1835 893 tempus
1846 859 1911 892 quo

364 898 494 934 ferenda
507 896 697 939 sitobsrdjo:
720 898 873 943 quoniam
885 896 1024 940 vndiquc
1037 893 1146 928 hostes
1157 893 1240 941 ipsos
1250 894 1421 939 vrgtbunt.
1443 894 1644 941 Congregati
1660 893 1727 928 sunt
1739 896 1832 941 igitur
1849 907 1910 941 po-

389 945 668 993 ulitdeindepopuli
675 943 791 987 robusti,
804 944 852 977 vel
862 944 965 978 multi.
978 942 1030 976 h‘ic
1039 941 1178 975 ostendit
1189 953 1257 975 non
1270 940 1328 975 eise
1339 953 1392 975 cur
1406 941 1500 975 ludaei
1513 964 1522 980 ,
1535 940 1656 976 etiamsi
1665 941 1762 988 longe
1773 942 1913 988 polleant

360 960 470 1029 hostes
481 997 512 1028 δι
529 996 644 1028 maiori
656 1004 793 1027 numero
804 995 834 1026 δι
845 991 963 1038 opibus
976 994 1007 1025 &
1019 992 1122 1036 copiis
1131 993 1161 1024 δι
1173 988 1372 1025 fortitudine,
1383 1001 1448 1023 non
1462 988 1523 1023 effe
1533 1001 1638 1023 tamen
1649 989 1769 1024 causum
1789 1002 1843 1025 cur
1853 993 1912 1025 de-

363 1042 541 1090 spondeant
553 1043 769 1088 animos,quia
779 1040 849 1073 satis
860 1042 918 1073 erit
930 1041 962 1072 in
973 1039 1048 1072 Deo
1060 1036 1428 1084 praefidijDicentesdam
1438 1036 1584 1071 damnata
1597 1040 1659 1070 crit
1667 1038 1803 1084 Smnapn
1814 1037 1909 1086 signi-

359 1089 432 1125 ficat
444 1089 526 1125 male
535 1088 638 1124 facere
648 1093 679 1123 &
691 1084 844 1136 peruerse.
871 1086 922 1121 Ad
932 1086 1069 1120 verbum
1083 1089 1180 1132 igitur
1192 1085 1230 1119 lic
1240 1084 1397 1120 transferri
1408 1085 1527 1132 posset,
1537 1088 1689 1120 Scelerata
1701 1099 1761 1120 erit
1771 1093 1847 1120 bion
1858 1099 1867 1120 t
1877 1091 1910 1122 &

360 1141 394 1173 in
403 1150 437 1172 ea
446 1137 576 1184 aspiciet
585 1138 694 1172 oculus
706 1135 823 1170 noster.
836 1133 998 1170 Caetertim
1012 1132 1229 1179 metaphorice
1240 1132 1301 1167 hoc
1313 1134 1447 1167 verbum
1459 1133 1535 1179 saepe
1547 1137 1697 1180 accipitur
1709 1147 1765 1180 pro
1777 1135 1910 1168 damna·

361 1190 452 1220 tione
468 1185 540 1232 ipsa.
552 1183 666 1219 Sensus
679 1187 776 1231 igitur
787 1182 842 1221 est,
852 1185 914 1216 iam
925 1185 1002 1217 Sion
1016 1181 1165 1215 damnata
1175 1180 1228 1214 est.
1242 1194 1298 1216 nec
1306 1182 1386 1215 vero
1398 1181 1530 1216 dubium
1543 1181 1587 1215 est
1598 1185 1677 1228 quin
1690 1182 1740 1216 hic
1751 1183 1911 1229 Propheta

362 1236 543 1281 exprimere
557 1234 777 1279 velit‚perinde
789 1229 894 1264 hostes
906 1229 1120 1267 insultaturos,
1130 1229 1188 1263 acsi
1201 1234 1263 1263 iam
1276 1231 1352 1262 Sion
1365 1242 1432 1263 non
1445 1229 1518 1263 esset
1528 1229 1580 1264 sub
1592 1231 1689 1264 tutela
1699 1233 1763 1264 Dei
1776 1242 1783 1262 ε
1796 1243 1910 1277 qoem-

363 1281 542 1317 admodum
556 1281 610 1315 vbi
624 1279 777 1327 quispiam
789 1279 849 1313 suis
861 1277 1027 1312 sceleribus
1036 1277 1066 1311 se
1076 1278 1204 1311 exosum
1217 1276 1463 1315 reddidit,etiam
1472 1279 1488 1312 a
1499 1276 1557 1311 suis
1568 1283 1709 1324 patronis
1721 1278 1912 1324 relinquitur

362 1342 398 1364 ac
412 1328 577 1364 deseritur.
597 1328 636 1362 fic
653 1340 731 1374 ergo
741 1327 903 1372 Propheta
914 1326 965 1359 hic
978 1337 1078 1360 armat
1088 1324 1198 1360 fideles
1209 1336 1317 1359 contra
1328 1324 1465 1359 hostium
1480 1326 1606 1360 suorum
1620 1327 1826 1372 petulantiam
1837 1349 1847 1364 ,
1868 1340 1910 1362 ne

363 1379 442 1412 ideo
460 1377 627 1423 desperent
646 1387 747 1422 quum
761 1374 915 1408 videbunt
935 1376 1083 1408 omnium
1093 1371 1265 1407 hominum
1278 1369 1430 1420 suffragiis
1442 1373 1471 1408 se
1482 1373 1644 1407 damnari:
1671 1374 1787 1408 deinde
1810 1379 1908 1410 etiam

362 1425 446 1460 hanc
459 1421 516 1459 effe
527 1435 737 1458 communem
747 1422 936 1457 sententiam
948 1421 1200 1468 omniurmqubd
1212 1422 1313 1455 reliffi
1327 1419 1650 1467 fintaDe0.Sequitut
1660 1426 1787 1455 materia
1799 1423 1911 1458 conso-

361 1473 509 1509 lationis:
534 1471 593 1520 Ipfi
599 1467 674 1504 veri>
687 1483 744 1504 non
754 1471 922 1518 cognoscunt
932 1473 1121 1515 cogitationes
1132 1469 1240 1503 Iehouae
1249 1491 1259 1508 ‚
1271 1475 1302 1506 ty
1312 1482 1369 1502 non
1378 1470 1540 1516 intelltgunt
1550 1491 1559 1507 ,
1570 1482 1642 1504 nam
1656 1469 1749 1503 verba
1762 1473 1910 1516 praeteriti

362 1532 520 1567 temporis
530 1519 717 1554 tantundem
732 1519 837 1553 valent
846 1518 903 1553 acii
914 1517 1015 1565 posita
1027 1514 1124 1552 ess‘ent
1138 1521 1169 1551 in
1180 1529 1329 1564 tempore
1337 1517 1493 1564 praesenti,
1505 1518 1581 1551 Non
1590 1520 1754 1564 zmellzgum
1762 1518 1911 1563 confilium

362 1572 433 1602 eius.
455 1567 518 1602 Hic
527 1566 684 1614 Propheta
696 1578 823 1601 reuocat
833 1570 962 1613 piorum
975 1568 1099 1600 animos
1110 1567 1148 1599 ad
1169 1567 1328 1612 optimam
1349 1564 1648 1601 considerationem.
1670 1569 1757 1600 Nam
1770 1566 1824 1600 vbi
1841 1579 1910 1602 tam

359 1615 511 1665 proterue
520 1627 632 1650 contra
643 1628 704 1650 nos
714 1615 842 1662 surgunt
852 1617 1110 1661 impij‚putamus
1119 1617 1232 1648 omnia
1241 1614 1301 1647 illis
1311 1612 1454 1660 permissa
1469 1613 1528 1649 esse
1539 1628 1546 1648 :
1558 1614 1673 1649 deinde
1683 1613 1785 1648 statim
1797 1627 1911 1651 eorum

358 1663 476 1711 probra
489 1667 520 1699 &
538 1664 743 1698 contumeliae
762 1665 891 1697 animos
910 1662 1039 1696 nostros
1053 1666 1084 1697 ἃ
1104 1660 1209 1696 sensus
1227 1673 1402 1708 occupant:
1423 1672 1457 1695 vt
1468 1665 1637 1697 metiamur
1658 1663 1912 1710 quodammodo

358 1713 514 1747 iudicium
524 1712 589 1746 Dei
602 1724 637 1745 ex
646 1711 777 1746 illorum
788 1709 931 1745 vocibus.
958 1710 1024 1745 Vbi
1036 1721 1113 1755 ergo
1124 1710 1214 1756 impij
1225 1709 1410 1744 subsannant
1422 1709 1521 1745 fidem
1539 1711 1682 1744 nostram
1693 1733 1702 1748 ‚
1715 1711 1836 1746 iaetant
1848 1723 1912 1746 nos

361 1759 379 1794 a
391 1762 468 1795 Deo
481 1760 610 1794 relictos
621 1758 678 1794 effe
689 1782 698 1798 ‚
708 1758 791 1807 quasi
802 1761 931 1793 attoniti
944 1757 1196 1792 succumbimus:
1211 1760 1242 1792 &
1252 1756 1331 1792 nihil
1343 1759 1518 1804 procliuius
1536 1758 1581 1792 est
1591 1758 1689 1806 quam
1699 1757 1798 1793 nobis
1806 1761 1910 1795 excuti

361 1807 461 1842 fidem
473 1811 504 1843 δε
515 1811 709 1843 memoriam
720 1805 973 1856 promiffionum
985 1807 1072 1846 Dei,
1084 1808 1213 1852 quoties
1226 1809 1267 1840 ita
1285 1806 1377 1853 impij
1389 1805 1592 1841 insolescunt.
1609 1806 1690 1842 Non
1701 1805 1758 1840 abs
1769 1819 1802 1840 re
1814 1809 1911 1854 igitur

361 1855 521 1904 Propheta
535 1855 585 1890 hic
596 1855 778 1891 remedium
792 1853 939 1889 adhibet:
953 1856 1043 1901 quod
1058 1854 1229 1901 diligenter
1239 1852 1335 1888 nobis
1345 1854 1389 1888 est
1399 1853 1634 1888 obseruandum
1647 1868 1656 1888 ε
1693 1856 1735 1888 Et
1744 1852 1845 1888 dacem
1857 1855 1913 1894 illi.
1927 1864 1929 1867 '

362 1907 523 1945 Damnata
534 1903 572 1947 est
584 1905 758 1951 Sion‚atqui
773 1905 845 1937 caeci
855 1903 994 1937 indicant
1006 1903 1046 1937 de
1056 1901 1230 1940 coloribus,
1243 1914 1316 1948 qma
1325 1914 1383 1936 non
1392 1903 1557 1949 intelltgunt
1563 1902 1713 1948 confilium
1721 1901 1848 1941 lebona,
1856 1917 1911 1938 ne-

364 1966 422 1998 que
436 1956 498 1986 eius
505 1955 693 1999 cogitationes
701 1952 1029 1999 agnoscunt.Videmus
1038 1962 1118 1997 ergo
1130 1962 1213 1984 nunc
1222 1949 1377 1996 quorsum
1388 1952 1495 1984 tendat
1504 1950 1676 1997 Propheta,
1687 1963 1805 1997 nempe
1818 1949 1912 1987 stulte

364 2005 397 2036 &
408 2000 600 2048 praepostere
610 2000 748 2035 faeturos
756 1999 866 2034 fideles
875 2020 885 2037 ,
897 1997 917 2032 si
927 1998 1083 2033 aestiment
1094 1999 1247 2033 iudicium
1259 1999 1324 2032 Dei
1336 2011 1372 2033 ex
1389 2000 1564 2045 impiorum
1576 2000 1720 2033 iactantia
1731 2011 1739 2032 t
1750 2003 1908 2047 quoniam

363 2051 457 2084 Satan
468 2062 525 2083 eos
540 2048 661 2096 abripit
672 2047 794 2083 furioso
803 2050 936 2094 impetu:
946 2049 977 2081 δε,
991 2044 1012 2079 fi
1023 2048 1193 2081 Dominus
1202 2048 1362 2081 licentiam
1377 2047 1439 2080 illis
1450 2047 1531 2081 male
1541 2047 1656 2094 agendi
1669 2050 1836 2094 permittit,
1849 2061 1910 2094 pu-

361 2106 430 2132 tant
442 2096 471 2131 se
480 2099 617 2132 victores
629 2095 698 2131 fore
708 2096 806 2143 vsque
815 2096 852 2129 ad
863 2096 1227 2140 extremum-Qoniani
1239 2106 1318 2141 ergo
1329 2105 1371 2128 ita
1381 2095 1473 2141 impij
1483 2094 1628 2130 inebriati
1640 2095 1730 2128 stulta
1740 2095 1906 2130 confiden-

362 2148 418 2185 tia,
430 2157 496 2179 non
507 2145 609 2180 modo
620 2144 771 2179 homines
780 2167 789 2182 ‚
802 2143 851 2178 sed
863 2145 973 2178 Deum
985 2144 1080 2177 etiam
1092 2142 1190 2188 ipsum
1203 2153 1429 2180 contemnant,
1444 2142 1603 2189 Propheta
1617 2142 1668 2176 hic
1680 2145 1837 2177 retinet&
1850 2156 1907 2178 co-

363 2193 456 2227 hibet
470 2194 595 2228 animos
605 2196 754 2241 piorum,
766 2202 800 2225 vt
810 2190 1021 2226 conscendant
1030 2190 1121 2224 altius
1131 2201 1139 2222 :
1149 2200 1245 2237 atque
1256 2191 1301 2224 ita
1311 2190 1488 2236 intelligant
1498 2191 1584 2225 aliud
1593 2190 1652 2225 effe
1663 2189 1830 2225 confilium
1844 2193 1908 2227 Dei

362 2241 460 2288 quam
472 2241 651 2276 existiment
661 2239 818 2287 improbi,
831 2243 886 2286 qui
898 2239 935 2273 ad
947 2241 1058 2273 Deum
1067 2249 1171 2285 neque
1182 2241 1364 2286 pertingunt
1374 2249 1479 2285 neque
1488 2239 1650 2272 accedunt.
1669 2239 1745 2272 Haec
1760 2238 1906 2274 doctrina

362 2292 498 2336 cognitu
507 2292 652 2336 apprime
667 2287 711 2323 est
725 2288 933 2323 Vtilis-Primo
944 2289 1060 2321 intuitu
1073 2297 1197 2330 putaret
1207 2286 1361 2333 quispiam
1375 2285 1438 2320 hoc
1448 2286 1507 2320 effe
1516 2284 1666 2334 frigidum
1681 2299 1690 2319 ι
1718 2285 1838 2332 Olquid
1848 2285 1906 2322 fibi

362 2340 429 2372 vult
440 2337 615 2383 Propheta?
626 2337 702 2372 dicit
712 2349 776 2371 non
786 2334 846 2370 else
857 2333 1023 2370 confilium
1036 2333 1162 2369 lehouae
1172 2335 1260 2380 quod
1272 2332 1320 2367 isti
1331 2333 1516 2380 proferunt:
1527 2333 1589 2367 hoc
1599 2337 1694 2368 etiam
1708 2347 1768 2368 nos
1780 2334 1905 2370 scimus.

363 2386 424 2420 Sed
435 2385 454 2419 si
466 2385 598 2431 quisque
609 2384 740 2431 seipsum
752 2385 932 2419 examinet,
952 2395 1067 2416 omnes
1078 2394 1143 2415 vno
1153 2394 1209 2416 ore
1220 2381 1406 2416 fatebuntur
1424 2380 1503 2416 nihil
1516 2381 1604 2416 fuisse
1615 2386 1832 2429 opportunius
1849 2382 1909 2418 hae

363 2433 598 2467 consolatione.
611 2445 684 2466 nam
699 2434 901 2466 vulneramur
918 2431 1114 2464 contumelia
1125 2452 1134 2468 ‚
1155 2434 1186 2465 &
1206 2432 1355 2476 ingenuis
1371 2431 1488 2464 naturis
1507 2430 1570 2464 hoc
1585 2432 1682 2464 nimis
1694 2430 1735 2464 est
1749 2429 1903 2465 vfiratum.

364 2480 482 2515 deinde
493 2479 619 2513 simulac
631 2480 722 2526 impij
734 2491 889 2513 euomunt
906 2478 970 2511 suas
982 2477 1352 2524 blasphemias‚putamus
1368 2479 1476 2512 Deum
1487 2480 1518 2512 in
1530 2479 1613 2512 coelo
1623 2478 1790 2524 quiescere:
1807 2482 1835 2512 ἃ
1847 2492 1905 2513 vna

331 2553 334 2556 -
365 2540 426 2562 vox
438 2529 568 2562 illorum
581 2526 767 2573 quafiinstar
778 2528 872 2561 nubis
881 2525 1028 2560 obscurat
1046 2527 1199 2559 indicium
1213 2526 1296 2562 Dei,
1314 2524 1441 2560 simulac
1456 2525 1611 2572 quispiam
1630 2538 1667 2559 ex
1685 2526 1830 2573 reprobis
1845 2539 1906 2561 nos

364 2576 487 2610 deridet
496 2587 530 2609 ac
542 2573 778 2620 simplicitatem
790 2575 1087 2612 nostram,minatur
1097 2572 1247 2608 ferociter
1262 2576 1292 2607 &
1304 2584 1441 2607 terrores
1452 2573 1521 2607 suos
1532 2573 1662 2607 obiicit:
1674 2575 1726 2608 illa
1736 2572 1907 2621 est‚quem-

367 2623 544 2657 admodum
556 2622 632 2663 dixi,
644 2621 728 2670 quasi
739 2622 839 2656 nubes
849 2620 1032 2667 interposita
1042 2622 1123 2655 inter
1132 2625 1230 2656 nos&
1244 2622 1365 2655 Deum.
1384 2622 1461 2655 Haec
1471 2626 1550 2655 ratio
1560 2621 1602 2655 est
1611 2634 1664 2655 cur
1675 2619 1833 2668 Propheta
1853 2621 1905 2656 hic

364 2670 446 2705 dicat
464 2671 538 2704 alias
551 2670 609 2704 effe
630 2673 842 2718 cogitationes
859 2670 984 2704 lehouae
996 2691 1006 2707 ‚
1025 2672 1055 2702 &
1076 2669 1160 2702 aliud
1186 2668 1366 2710 confilium.
1383 2669 1519 2716 denique
1537 2667 1598 2704 huc
1618 2669 1722 2704 tendit
1738 2670 1903 2710 confilium

364 2714 555 2765 Prophetae‚
575 2721 702 2765 quoties
721 2717 814 2765 impij
834 2717 914 2750 adeo
927 2715 1058 2762 superbe
1070 2728 1131 2750 nos
1142 2716 1464 2762 despiciunt‚deinde
1481 2719 1574 2751 etiarn
1587 2717 1822 2751 contumeliose
1844 2720 1906 2752 mi-

362 2778 477 2800 nantur
496 2767 592 2801 nobis
602 2791 612 2802 ‚
631 2770 664 2801 δι
683 2777 742 2800 nos
762 2767 909 2800 territant
920 2788 930 2801 ,
951 2763 1067 2798 debere
1079 2775 1139 2797 nos
1157 2775 1282 2798 mentes
1304 2767 1336 2799 in
1347 2764 1456 2798 caeluin
1476 2765 1634 2799 attollere.
1673 2766 1797 2805 Quare?
1812 2764 1857 2800 est
1874 2778 1907 2800 e-

364 2817 432 2848 nim
445 2814 528 2848 aliud
539 2813 704 2849 confilium
716 2815 796 2848 Dei.
807 2813 962 2848 laetantiae
971 2814 1068 2858 igitur
1079 2812 1141 2846 istae
1151 2811 1337 2846 euanescent
1348 2835 1356 2850 ‚
1367 2814 1441 2859 quia
1454 2826 1490 2846 ex
1501 2812 1603 2847 nihilo
1615 2817 1759 2848 oriuntur
1771 2835 1780 2851 ,
1805 2819 1846 2848 ita
1867 2827 1903 2849 e-

363 2864 439 2895 tiam
450 2862 591 2897 recident
602 2864 634 2897 in
645 2862 782 2897 nihilum
793 2874 801 2893 e
812 2860 978 2895 consilium
989 2859 1068 2893 vero
1080 2861 1146 2893 Dei
1157 2857 1322 2894 ssabiffied
1332 2873 1416 2894 nunc
1429 2860 1600 2894 videndum
1612 2858 1656 2894 est
1666 2861 1814 2907 quorsum
1826 2864 1905 2896 Pro-

364 2907 458 2955 pheta
469 2911 507 2944 de
517 2908 649 2945 confilio
664 2911 729 2945 Dei
740 2914 771 2944 ἃ
782 2907 1033 2956 cogitationibus
1046 2907 1096 2941 hic
1108 2906 1266 2954 loquatur.
1277 2921 1351 2942 nam
1363 2907 1517 2942 sitantum
1529 2906 1592 2941 haec
1604 2909 1669 2942 duo
1680 2913 1811 2943 nomina
1824 2922 1884 2955 pro
1893 2931 1904 2938 -

363 2968 561 3003 ponerentur
572 2957 667 2992 nobis
678 2959 709 2992 in
721 2956 965 2995 median-neem}
975 2967 1082 3002 parum
1096 2955 1192 2989 solida
1203 2955 1275 2989 esset
1284 2957 1474 2994 consolatio,
1485 2959 1515 2990 δι
1528 2954 1607 2989 nihil
1618 2954 1681 2990 fere
1693 2956 1825 2991 haberet
1833 2957 1903 2992 effi-

363 3005 562 3039 caciae-Aliud
573 3018 652 3052 ergo
664 3008 857 3053 principium
868 3006 1042 3038 tenendum
1055 3001 1116 3041 est,
1126 3015 1242 3048 nempe
1258 3005 1471 3049 cogitationes
1483 3005 1546 3038 Dei
1559 3003 1655 3038 nobis
1667 3017 1733 3039 non
1744 3003 1804 3039 esst
1814 3009 1904 3039 inco-

366 3054 539 3101 gnitas‚qui
551 3051 657 3087 sumus
668 3054 776 3088 edoeti
787 3056 819 3087 in
831 3054 899 3086 eius
909 3051 1208 3085 scholaAEonsrlium
1222 3063 1300 3098 ergo
1313 3053 1377 3085 Dei
1390 3064 1454 3085 non
1466 3052 1510 3085 est
1520 3049 1772 3098 obscurum‚quia
1784 3053 1902 3099 patefa—

365 3100 453 3135 ἂυηι
465 3101 509 3134 est
519 3099 615 3133 nobis
625 3103 691 3135 eius
701 3099 937 3135 verbo.Pendet
949 3102 1044 3146 igitur
1052 3097 1232 3132 consolatio
1246 3112 1281 3132 ex
1294 3098 1438 3133 doetrina
1450 3100 1561 3133 altiore
1571 3103 1601 3133 &
1615 3102 1717 3146 magis
1727 3102 1902 3141 recondita,

363 3147 454 3196 quod
465 3146 580 3184 scilicet
591 3147 703 3184 fideles
713 3148 816 3184 insuis
829 3147 962 3183 miseriis
971 3146 1109 3182 debeant
1120 3145 1206 3193 quasi
1216 3149 1248 3182 in
1269 3145 1397 3194 speculo
1419 3147 1631 3194 contemplari
1644 3150 1707 3183 Dei
1721 3148 1899 3185 consilium,

1795 3198 1900 3241 Qale
